@article{cn1,
   author = {邓东升},
   key = {deng4 dong1 sheng1},
   title = {{ElegantBook说明文档}},
   journal = {GitBook},
   number = {01},
   pages = {3-13},
   ISSN = {0577-9154},
   year = {2022},
   type = {Journal Article}
}

@article{cn2,
   author = {李道兵 and 高博},
   key = {li3 dao4 bin2 gao1 bo2},
   title = {{Go 程序设计语言翻译版}},
   journal = {机械工业},
   number = {02},
   pages = {54-169},
   ISSN = {978-7-111-55842-2},
   year = {2017},
   type = {Journal Article}
}
